<?xml version="1.0" encoding="UTF-8"?><collection xmlns="http://www.loc.gov/MARC21/slim"><record><leader>00454nam--2200181-u-4500</leader><controlfield tag="001">000056723</controlfield><controlfield tag="002">20170126</controlfield><controlfield tag="005">20170126151615</controlfield><controlfield tag="008">170126s1000------------r-----000-0-eng-d</controlfield><datafield ind1=" " ind2=" " tag="040"><subfield code="a">IFIN-HH</subfield></datafield><datafield ind1="0" ind2=" " tag="041"><subfield code="a">eng</subfield></datafield><datafield ind1=" " ind2=" " tag="080"><subfield code="a">541.1</subfield></datafield><datafield ind1="1" ind2=" " tag="100"><subfield code="a">Pilar, Frank L</subfield></datafield><datafield ind1="1" ind2="0" tag="245"><subfield code="a">Elementary Quantum Chemistry</subfield><subfield code="c">Frank I. Pilar</subfield></datafield><datafield ind1=" " ind2=" " tag="260"><subfield code="a">New York</subfield><subfield code="b">Mc-Graw-Hill Book Company</subfield><subfield code="c">1968</subfield></datafield><datafield ind1=" " ind2=" " tag="300"><subfield code="a">726p</subfield></datafield><datafield ind1=" " ind2=" " tag="852"><subfield code="a">33228</subfield><subfield code="c">541.10</subfield></datafield><datafield ind1=" " ind2=" " tag="CAT"><subfield code="a">SYS</subfield><subfield code="c">20170126</subfield><subfield code="h">151615</subfield></datafield></record></collection>